1CClientBankExchange
ВерсияФормата=1.03
Кодировка=Windows
Отправитель=Система интернет банк
Получатель=
ДатаСоздания=27.02.2026
ВремяСоздания=08:56:47
ДатаНачала=01.02.2026
ДатаКонца=27.02.2026
РасчСчет=40702810020000066887
СекцияРасчСчет
ДатаНачала=01.02.2026
ДатаКонца=27.02.2026
РасчСчет=40702810020000066887
НачальныйОстаток=0.00
ВсегоПоступило=850000.00
ВсегоСписано=847424.86
КонечныйОстаток=2575.14
КонецРасчСчет
СекцияДокумент=Платежное поручение
Номер=20
Дата=03.02.2026
Сумма=10000.00
ПлательщикСчет=40702810916540039059
ДатаСписано=
ПлательщикИНН=6658507464
Плательщик1=ООО "ЭНЕРГО ЛИНИИ"
ПлательщикРасчСчет=40702810916540039059
ПлательщикБанк1=УРАЛЬСКИЙ БАНК ПАО СБЕРБАНК
ПлательщикБанк2=Г. ЕКАТЕРИНБУРГ
ПлательщикБИК=046577674
ПлательщикКорсчет=30101810500000000674
ПолучательСчет=40702810020000066887
ДатаПоступило=05.02.2026
ПолучательИНН=6679146716
Получатель1=ОБЩЕСТВО С ОГРАНИЧЕННОЙ ОТВЕТСТВЕННОСТЬЮ "АЛЬФА ГРУПП"
ПолучательРасчСчет=40702810020000066887
ПолучательБанк1=ООО "Банк Точка"
ПолучательБанк2=Г. МОСКВА
ПолучательБИК=044525104
ПолучательКорсчет=30101810745374525104
ВидПлатежа=электронно
ВидОплаты=01
Код=
ПолучательКПП=667101001
ПлательщикКПП=665801001
СрокПлатежа=05.02.2026
Очередность=5
НазначениеПлатежа=Оплата задолженности за Транспортные услуги за 2025 год, В том числе НДС 20 % - 1666.67 рублей.
КонецДокумента
СекцияДокумент=Платёжный ордер
Номер=70
Дата=05.02.2026
Сумма=10000.00
ПлательщикСчет=40702810020000066887
ДатаСписано=05.02.2026
ПлательщикИНН=6679146716
Плательщик1=ОБЩЕСТВО С ОГРАНИЧЕННОЙ ОТВЕТСТВЕННОСТЬЮ "АЛЬФА ГРУПП"
ПлательщикРасчСчет=40702810020000066887
ПлательщикБанк1=ООО "Банк Точка"
ПлательщикБанк2=Г. МОСКВА
ПлательщикБИК=044525104
ПлательщикКорсчет=30101810745374525104
ПолучательСчет=40702810200030003976
ДатаПоступило=
ПолучательИНН=7731537410
Получатель1=АКЦИОНЕРНОЕ ОБЩЕСТВО "НЕФТЕТРАНССЕРВИС"
ПолучательРасчСчет=40702810200030003976
ПолучательБанк1=Банк ВТБ (ПАО)
ПолучательБанк2=Г. МОСКВА
ПолучательБИК=044525187
ПолучательКорсчет=30101810700000000187
ВидПлатежа=электронно
ВидОплаты=16
Код=
ПолучательКПП=997650001
ПлательщикКПП=667101001
СрокПлатежа=05.02.2026
Очередность=4
НазначениеПлатежа=Исполнительный лист ФС №053795477 от 13.11.2025 выдан Арбитражным судом г. Москвы по делу №А40-221607/25-161-495 от 30.10.2025, судья Бикбулатов К.В.
КонецДокумента
СекцияДокумент=Платежное поручение
Номер=43
Дата=17.02.2026
Сумма=400000.00
ПлательщикСчет=40702810516750004863
ДатаСписано=
ПлательщикИНН=6679146716
Плательщик1=ООО "АЛЬФА ГРУПП"
ПлательщикРасчСчет=40702810516750004863
ПлательщикБанк1=УРАЛЬСКИЙ БАНК ПАО СБЕРБАНК
ПлательщикБанк2=Г. ЕКАТЕРИНБУРГ
ПлательщикБИК=046577674
ПлательщикКорсчет=30101810500000000674
ПолучательСчет=40702810020000066887
ДатаПоступило=17.02.2026
ПолучательИНН=6679146716
Получатель1=ОБЩЕСТВО С ОГРАНИЧЕННОЙ ОТВЕТСТВЕННОСТЬЮ "АЛЬФА ГРУПП"
ПолучательРасчСчет=40702810020000066887
ПолучательБанк1=ООО "Банк Точка"
ПолучательБанк2=Г. МОСКВА
ПолучательБИК=044525104
ПолучательКорсчет=30101810745374525104
ВидПлатежа=электронно
ВидОплаты=01
Код=
ПолучательКПП=667101001
ПлательщикКПП=667101001
СрокПлатежа=17.02.2026
Очередность=5
НазначениеПлатежа=перевод между саоими счетами, НДС не облагается.
КонецДокумента
СекцияДокумент=Платёжный ордер
Номер=70
Дата=17.02.2026
Сумма=400000.00
ПлательщикСчет=40702810020000066887
ДатаСписано=17.02.2026
ПлательщикИНН=6679146716
Плательщик1=ОБЩЕСТВО С ОГРАНИЧЕННОЙ ОТВЕТСТВЕННОСТЬЮ "АЛЬФА ГРУПП"
ПлательщикРасчСчет=40702810020000066887
ПлательщикБанк1=ООО "Банк Точка"
ПлательщикБанк2=Г. МОСКВА
ПлательщикБИК=044525104
ПлательщикКорсчет=30101810745374525104
ПолучательСчет=40702810200030003976
ДатаПоступило=
ПолучательИНН=7731537410
Получатель1=АКЦИОНЕРНОЕ ОБЩЕСТВО "НЕФТЕТРАНССЕРВИС"
ПолучательРасчСчет=40702810200030003976
ПолучательБанк1=Банк ВТБ (ПАО)
ПолучательБанк2=Г. МОСКВА
ПолучательБИК=044525187
ПолучательКорсчет=30101810700000000187
ВидПлатежа=электронно
ВидОплаты=16
Код=
ПолучательКПП=997650001
ПлательщикКПП=667101001
СрокПлатежа=17.02.2026
Очередность=4
НазначениеПлатежа=Исполнительный лист ФС №053795477 от 13.11.2025 выдан Арбитражным судом г. Москвы по делу №А40-221607/25-161-495 от 30.10.2025, судья Бикбулатов К.В.
КонецДокумента
СекцияДокумент=Платежное поручение
Номер=46
Дата=18.02.2026
Сумма=440000.00
ПлательщикСчет=40702810516750004863
ДатаСписано=
ПлательщикИНН=6679146716
Плательщик1=ООО "АЛЬФА ГРУПП"
ПлательщикРасчСчет=40702810516750004863
ПлательщикБанк1=УРАЛЬСКИЙ БАНК ПАО СБЕРБАНК
ПлательщикБанк2=Г. ЕКАТЕРИНБУРГ
ПлательщикБИК=046577674
ПлательщикКорсчет=30101810500000000674
ПолучательСчет=40702810020000066887
ДатаПоступило=18.02.2026
ПолучательИНН=6679146716
Получатель1=ОБЩЕСТВО С ОГРАНИЧЕННОЙ ОТВЕТСТВЕННОСТЬЮ "АЛЬФА ГРУПП"
ПолучательРасчСчет=40702810020000066887
ПолучательБанк1=ООО "Банк Точка"
ПолучательБанк2=Г. МОСКВА
ПолучательБИК=044525104
ПолучательКорсчет=30101810745374525104
ВидПлатежа=электронно
ВидОплаты=01
Код=
ПолучательКПП=667101001
ПлательщикКПП=667101001
СрокПлатежа=18.02.2026
Очередность=5
НазначениеПлатежа=перевод между своими счетами, НДС не облагается.
КонецДокумента
СекцияДокумент=Платёжный ордер
Номер=70
Дата=18.02.2026
Сумма=331053.33
ПлательщикСчет=40702810020000066887
ДатаСписано=18.02.2026
ПлательщикИНН=6679146716
Плательщик1=ОБЩЕСТВО С ОГРАНИЧЕННОЙ ОТВЕТСТВЕННОСТЬЮ "АЛЬФА ГРУПП"
ПлательщикРасчСчет=40702810020000066887
ПлательщикБанк1=ООО "Банк Точка"
ПлательщикБанк2=Г. МОСКВА
ПлательщикБИК=044525104
ПлательщикКорсчет=30101810745374525104
ПолучательСчет=40702810200030003976
ДатаПоступило=
ПолучательИНН=7731537410
Получатель1=АКЦИОНЕРНОЕ ОБЩЕСТВО "НЕФТЕТРАНССЕРВИС"
ПолучательРасчСчет=40702810200030003976
ПолучательБанк1=Банк ВТБ (ПАО)
ПолучательБанк2=Г. МОСКВА
ПолучательБИК=044525187
ПолучательКорсчет=30101810700000000187
ВидПлатежа=электронно
ВидОплаты=16
Код=
ПолучательКПП=997650001
ПлательщикКПП=667101001
СрокПлатежа=18.02.2026
Очередность=4
НазначениеПлатежа=Исполнительный лист ФС №053795477 от 13.11.2025 выдан Арбитражным судом г. Москвы по делу №А40-221607/25-161-495 от 30.10.2025, судья Бикбулатов К.В.
КонецДокумента
СекцияДокумент=Платежное требование
Номер=129667
Дата=30.12.2025
Сумма=14.14
ПлательщикСчет=40702810020000066887
ДатаСписано=18.02.2026
ПлательщикИНН=6679146716
Плательщик1=ОБЩЕСТВО С ОГРАНИЧЕННОЙ ОТВЕТСТВЕННОСТЬЮ "АЛЬФА ГРУПП"
ПлательщикРасчСчет=40702810020000066887
ПлательщикБанк1=ООО "Банк Точка"
ПлательщикБанк2=Г. МОСКВА
ПлательщикБИК=044525104
ПлательщикКорсчет=30101810745374525104
ПолучательСчет=45812810120000017171
ДатаПоступило=
ПолучательИНН=9721194461
Получатель1=ООО "Банк Точка"
ПолучательРасчСчет=45812810120000017171
ПолучательБанк1=ООО "Банк Точка"
ПолучательБанк2=Г. МОСКВА
ПолучательБИК=044525104
ПолучательКорсчет=30101810745374525104
ВидПлатежа=электронно
ВидОплаты=02
Код=
ПолучательКПП=997950001
ПлательщикКПП=667101001
СрокПлатежа=18.02.2026
Очередность=5
НазначениеПлатежа=Комиссия за обслуживание по Зарплатному проекту согласно Правилам банковского обслуживания, НДС не предусмотрен. ТП Начало
КонецДокумента
СекцияДокумент=Платежное требование
Номер=133547
Дата=30.12.2025
Сумма=32.99
ПлательщикСчет=40702810020000066887
ДатаСписано=18.02.2026
ПлательщикИНН=6679146716
Плательщик1=ОБЩЕСТВО С ОГРАНИЧЕННОЙ ОТВЕТСТВЕННОСТЬЮ "АЛЬФА ГРУПП"
ПлательщикРасчСчет=40702810020000066887
ПлательщикБанк1=ООО "Банк Точка"
ПлательщикБанк2=Г. МОСКВА
ПлательщикБИК=044525104
ПлательщикКорсчет=30101810745374525104
ПолучательСчет=45812810120000017171
ДатаПоступило=
ПолучательИНН=9721194461
Получатель1=ООО "Банк Точка"
ПолучательРасчСчет=45812810120000017171
ПолучательБанк1=ООО "Банк Точка"
ПолучательБанк2=Г. МОСКВА
ПолучательБИК=044525104
ПолучательКорсчет=30101810745374525104
ВидПлатежа=электронно
ВидОплаты=02
Код=
ПолучательКПП=997950001
ПлательщикКПП=667101001
СрокПлатежа=18.02.2026
Очередность=5
НазначениеПлатежа=Комиссия за обслуживание по Зарплатному проекту согласно Правилам банковского обслуживания, НДС не предусмотрен. ТП Начало
КонецДокумента
СекцияДокумент=Платежное требование
Номер=572284
Дата=05.02.2026
Сумма=950.00
ПлательщикСчет=40702810020000066887
ДатаСписано=18.02.2026
ПлательщикИНН=6679146716
Плательщик1=ОБЩЕСТВО С ОГРАНИЧЕННОЙ ОТВЕТСТВЕННОСТЬЮ "АЛЬФА ГРУПП"
ПлательщикРасчСчет=40702810020000066887
ПлательщикБанк1=ООО "Банк Точка"
ПлательщикБанк2=Г. МОСКВА
ПлательщикБИК=044525104
ПлательщикКорсчет=30101810745374525104
ПолучательСчет=60322810620000000001
ДатаПоступило=
ПолучательИНН=9721194461
Получатель1=ООО "Банк Точка"
ПолучательРасчСчет=60322810620000000001
ПолучательБанк1=ООО "Банк Точка"
ПолучательБанк2=Г. МОСКВА
ПолучательБИК=044525104
ПолучательКорсчет=30101810745374525104
ВидПлатежа=электронно
ВидОплаты=02
Код=
ПолучательКПП=997950001
ПлательщикКПП=667101001
СрокПлатежа=18.02.2026
Очередность=5
НазначениеПлатежа=Оплата лицензионного вознаграждения за использование базовой лицензии ПК Сервис Точка по тариф.пакету «Начало» за период с 01.02.26 по 28.02.26. Согласно Правилам ДО. НДС не предусмотрен.
КонецДокумента
СекцияДокумент=Платежное поручение
Номер=6
Дата=28.01.2026
Сумма=96263.00
ПлательщикСчет=40702810020000066887
ДатаСписано=18.02.2026
ПлательщикИНН=6679146716
Плательщик1=ОБЩЕСТВО С ОГРАНИЧЕННОЙ ОТВЕТСТВЕННОСТЬЮ "АЛЬФА ГРУПП"
ПлательщикРасчСчет=40702810020000066887
ПлательщикБанк1=ООО "Банк Точка"
ПлательщикБанк2=Г. МОСКВА
ПлательщикБИК=044525104
ПлательщикКорсчет=30101810745374525104
ПолучательСчет=03100643000000018500
ДатаПоступило=
ПолучательИНН=7727406020
Получатель1=Казначейство России (ФНС России)
ПолучательРасчСчет=03100643000000018500
ПолучательБанк1=ОКЦ № 7 ГУ Банка России по ЦФО//УФК по Тульской области
ПолучательБанк2=Г. ТУЛА
ПолучательБИК=017003983
ВидПлатежа=электронно
ВидОплаты=01
Код=0
СтатусСоставителя=01
ПолучательКПП=770701001
ПлательщикКПП=668101001
ПоказательКБК=18201061201010000510
ОКАТО=0
ПоказательОснования=0
ПоказательПериода=0
ПоказательНомера=0
ПоказательДаты=0
СрокПлатежа=18.02.2026
Очередность=5
НазначениеПлатежа=Единый налоговый платеж (НДС 1/3 за 4 квартал 2025)
КонецДокумента
СекцияДокумент=Платежное поручение
Номер=7
Дата=05.02.2026
Сумма=8127.90
ПлательщикСчет=40702810020000066887
ДатаСписано=18.02.2026
ПлательщикИНН=6679146716
Плательщик1=ОБЩЕСТВО С ОГРАНИЧЕННОЙ ОТВЕТСТВЕННОСТЬЮ "АЛЬФА ГРУПП"
ПлательщикРасчСчет=40702810020000066887
ПлательщикБанк1=ООО "Банк Точка"
ПлательщикБанк2=Г. МОСКВА
ПлательщикБИК=044525104
ПлательщикКорсчет=30101810745374525104
ПолучательСчет=03100643000000018500
ДатаПоступило=
ПолучательИНН=7727406020
Получатель1=Казначейство России (ФНС России)
ПолучательРасчСчет=03100643000000018500
ПолучательБанк1=ОКЦ № 7 ГУ Банка России по ЦФО//УФК по Тульской области
ПолучательБанк2=Г. ТУЛА
ПолучательБИК=017003983
ВидПлатежа=электронно
ВидОплаты=01
Код=0
СтатусСоставителя=01
ПолучательКПП=770701001
ПлательщикКПП=668101001
ПоказательКБК=18201061201010000510
ОКАТО=0
ПоказательОснования=0
ПоказательПериода=0
ПоказательНомера=0
ПоказательДаты=0
СрокПлатежа=18.02.2026
Очередность=5
НазначениеПлатежа=Единый налоговый платеж (взносы единый тариф январь 2026)
КонецДокумента
СекцияДокумент=Платежное поручение
Номер=8
Дата=05.02.2026
Сумма=93.50
ПлательщикСчет=40702810020000066887
ДатаСписано=18.02.2026
ПлательщикИНН=6679146716
Плательщик1=ОБЩЕСТВО С ОГРАНИЧЕННОЙ ОТВЕТСТВЕННОСТЬЮ "АЛЬФА ГРУПП"
ПлательщикРасчСчет=40702810020000066887
ПлательщикБанк1=ООО "Банк Точка"
ПлательщикБанк2=Г. МОСКВА
ПлательщикБИК=044525104
ПлательщикКорсчет=30101810745374525104
ПолучательСчет=03100643000000016200
ДатаПоступило=
ПолучательИНН=6661009187
Получатель1=УФК по Свердловской области (ОСФР по Свердловской области)
ПолучательРасчСчет=03100643000000016200
ПолучательБанк1=ОКЦ № 1 УГУ Банка России//УФК по Свердловской области
ПолучательБанк2=Г. ЕКАТЕРИНБУРГ
ПолучательБИК=016577551
ВидПлатежа=электронно
ВидОплаты=01
Код=0
СтатусСоставителя=08
ПолучательКПП=667001001
ПлательщикКПП=667101001
ПоказательКБК=79710212000061000160
ОКАТО=65701000
ПоказательОснования=0
ПоказательПериода=0
ПоказательНомера=0
ПоказательДаты=0
СрокПлатежа=18.02.2026
Очередность=5
НазначениеПлатежа=Взносы на обязательное страхование от несчастных случаев январь 2026г. Регистрационный номер в СФР 1038573083
КонецДокумента
СекцияДокумент=Платежное поручение
Номер=11
Дата=25.02.2026
Сумма=890.00
ПлательщикСчет=40702810020000066887
ДатаСписано=25.02.2026
ПлательщикИНН=6679146716
Плательщик1=ОБЩЕСТВО С ОГРАНИЧЕННОЙ ОТВЕТСТВЕННОСТЬЮ "АЛЬФА ГРУПП"
ПлательщикРасчСчет=40702810020000066887
ПлательщикБанк1=ООО "Банк Точка"
ПлательщикБанк2=Г. МОСКВА
ПлательщикБИК=044525104
ПлательщикКорсчет=30101810745374525104
ПолучательСчет=40702810702270001628
ДатаПоступило=
ПолучательИНН=6673230231
Получатель1=ФК "УралФинанс"ООО
ПолучательРасчСчет=40702810702270001628
ПолучательБанк1=ООО "Банк Точка"
ПолучательБанк2=Г. МОСКВА
ПолучательБИК=044525104
ПолучательКорсчет=30101810745374525104
ВидПлатежа=электронно
ВидОплаты=01
Код=
ПолучательКПП=0
ПлательщикКПП=667101001
СрокПлатежа=25.02.2026
Очередность=5
НазначениеПлатежа=Оплата по счету №36 от 09.02.26 за IT услуги февраль 2026. Сумма 890-00 В т.ч. НДС (5%) 42-38
КонецДокумента
КонецФайла