1CClientBankExchange
ВерсияФормата=1.03
Кодировка=Windows
Отправитель=Система интернет банк
Получатель=
ДатаСоздания=27.02.2026
ВремяСоздания=08:58:00
ДатаНачала=01.12.2025
ДатаКонца=31.12.2025
РасчСчет=40702810020000066887
СекцияРасчСчет
ДатаНачала=01.12.2025
ДатаКонца=31.12.2025
РасчСчет=40702810020000066887
НачальныйОстаток=61.86
ВсегоПоступило=1185400.00
ВсегоСписано=1185461.86
КонечныйОстаток=0.00
КонецРасчСчет
СекцияДокумент=Платежное поручение
Номер=23
Дата=01.12.2025
Сумма=80000.00
ПлательщикСчет=40702810202500009803
ДатаСписано=
ПлательщикИНН=6671077130
Плательщик1=ООО "НЕФТЕГРУЗ"
ПлательщикРасчСчет=40702810202500009803
ПлательщикБанк1=ООО "Банк Точка"
ПлательщикБанк2=Г. МОСКВА
ПлательщикБИК=044525104
ПлательщикКорсчет=30101810745374525104
ПолучательСчет=40702810020000066887
ДатаПоступило=01.12.2025
ПолучательИНН=6679146716
Получатель1=ОБЩЕСТВО С ОГРАНИЧЕННОЙ ОТВЕТСТВЕННОСТЬЮ "АЛЬФА ГРУПП"
ПолучательРасчСчет=40702810020000066887
ПолучательБанк1=ООО "Банк Точка"
ПолучательБанк2=Г. МОСКВА
ПолучательБИК=044525104
ПолучательКорсчет=30101810745374525104
ВидПлатежа=электронно
ВидОплаты=01
Код=
ПолучательКПП=667101001
ПлательщикКПП=665801001
СрокПлатежа=01.12.2025
Очередность=5
НазначениеПлатежа=без НДС
КонецДокумента
СекцияДокумент=Платежное требование
Номер=606281
Дата=01.12.2025
Сумма=950.00
ПлательщикСчет=40702810020000066887
ДатаСписано=01.12.2025
ПлательщикИНН=6679146716
Плательщик1=ОБЩЕСТВО С ОГРАНИЧЕННОЙ ОТВЕТСТВЕННОСТЬЮ "АЛЬФА ГРУПП"
ПлательщикРасчСчет=40702810020000066887
ПлательщикБанк1=ООО "Банк Точка"
ПлательщикБанк2=Г. МОСКВА
ПлательщикБИК=044525104
ПлательщикКорсчет=30101810745374525104
ПолучательСчет=60322810620000000001
ДатаПоступило=
ПолучательИНН=9721194461
Получатель1=ООО "Банк Точка"
ПолучательРасчСчет=60322810620000000001
ПолучательБанк1=ООО "Банк Точка"
ПолучательБанк2=Г. МОСКВА
ПолучательБИК=044525104
ПолучательКорсчет=30101810745374525104
ВидПлатежа=электронно
ВидОплаты=02
Код=
ПолучательКПП=997950001
ПлательщикКПП=667101001
СрокПлатежа=01.12.2025
Очередность=5
НазначениеПлатежа=Оплата лицензионного вознаграждения за использование базовой лицензии ПК Сервис Точка по тариф.пакету «Начало» за период с 01.12.25 по 31.12.25. Согласно Правилам ДО. НДС не предусмотрен.
КонецДокумента
СекцияДокумент=Платежное поручение
Номер=131
Дата=01.12.2025
Сумма=59085.00
ПлательщикСчет=40702810020000066887
ДатаСписано=01.12.2025
ПлательщикИНН=6679146716
Плательщик1=ОБЩЕСТВО С ОГРАНИЧЕННОЙ ОТВЕТСТВЕННОСТЬЮ "АЛЬФА ГРУПП"
ПлательщикРасчСчет=40702810020000066887
ПлательщикБанк1=ООО "Банк Точка"
ПлательщикБанк2=Г. МОСКВА
ПлательщикБИК=044525104
ПлательщикКорсчет=30101810745374525104
ПолучательСчет=03100643000000018500
ДатаПоступило=
ПолучательИНН=7727406020
Получатель1=Казначейство России (ФНС России)
ПолучательРасчСчет=03100643000000018500
ПолучательБанк1=ОКЦ № 7 ГУ Банка России по ЦФО//УФК по Тульской области
ПолучательБанк2=Г. ТУЛА
ПолучательБИК=017003983
ВидПлатежа=электронно
ВидОплаты=01
Код=0
СтатусСоставителя=01
ПолучательКПП=770801001
ПлательщикКПП=668101001
ПоказательКБК=18201061201010000510
ОКАТО=0
ПоказательОснования=0
ПоказательПериода=0
ПоказательНомера=0
ПоказательДаты=0
СрокПлатежа=01.12.2025
Очередность=5
НазначениеПлатежа=Единый налоговый платеж (НДС 1/3 до 28.11.25)
КонецДокумента
СекцияДокумент=Платежное поручение
Номер=133
Дата=01.12.2025
Сумма=20000.00
ПлательщикСчет=40702810020000066887
ДатаСписано=01.12.2025
ПлательщикИНН=6679146716
Плательщик1=ОБЩЕСТВО С ОГРАНИЧЕННОЙ ОТВЕТСТВЕННОСТЬЮ "АЛЬФА ГРУПП"
ПлательщикРасчСчет=40702810020000066887
ПлательщикБанк1=ООО "Банк Точка"
ПлательщикБанк2=Г. МОСКВА
ПлательщикБИК=044525104
ПлательщикКорсчет=30101810745374525104
ПолучательСчет=40702810368000005588
ДатаПоступило=
ПолучательИНН=1832107692
Получатель1=ООО "ТРАНСПОРТНАЯ КОМПАНИЯ"
ПолучательРасчСчет=40702810368000005588
ПолучательБанк1=УДМУРТСКОЕ ОТДЕЛЕНИЕ N8618 ПАО СБЕРБАНК
ПолучательБанк2=Г. ИЖЕВСК
ПолучательБИК=049401601
ПолучательКорсчет=30101810400000000601
ВидПлатежа=электронно
ВидОплаты=01
Код=
ПолучательКПП=0
ПлательщикКПП=667101001
СрокПлатежа=01.12.2025
Очередность=5
НазначениеПлатежа=Оплата по счету № 103100029 от 31.10.2025 за транспортные услуги по маршруту Первоуральск-Ижевск Сумма 20000-00 В т.ч. НДС (20%) 3333-33
КонецДокумента
СекцияДокумент=Платежное поручение
Номер=24
Дата=01.12.2025
Сумма=16000.00
ПлательщикСчет=40702810202500009803
ДатаСписано=
ПлательщикИНН=6671077130
Плательщик1=ООО "НЕФТЕГРУЗ"
ПлательщикРасчСчет=40702810202500009803
ПлательщикБанк1=ООО "Банк Точка"
ПлательщикБанк2=Г. МОСКВА
ПлательщикБИК=044525104
ПлательщикКорсчет=30101810745374525104
ПолучательСчет=40702810020000066887
ДатаПоступило=01.12.2025
ПолучательИНН=6679146716
Получатель1=ОБЩЕСТВО С ОГРАНИЧЕННОЙ ОТВЕТСТВЕННОСТЬЮ "АЛЬФА ГРУПП"
ПолучательРасчСчет=40702810020000066887
ПолучательБанк1=ООО "Банк Точка"
ПолучательБанк2=Г. МОСКВА
ПолучательБИК=044525104
ПолучательКорсчет=30101810745374525104
ВидПлатежа=электронно
ВидОплаты=01
Код=
ПолучательКПП=667101001
ПлательщикКПП=665801001
СрокПлатежа=01.12.2025
Очередность=5
НазначениеПлатежа=без НДС
КонецДокумента
СекцияДокумент=Платежное поручение
Номер=125
Дата=01.12.2025
Сумма=16000.00
ПлательщикСчет=40702810020000066887
ДатаСписано=01.12.2025
ПлательщикИНН=6679146716
Плательщик1=ОБЩЕСТВО С ОГРАНИЧЕННОЙ ОТВЕТСТВЕННОСТЬЮ "АЛЬФА ГРУПП"
ПлательщикРасчСчет=40702810020000066887
ПлательщикБанк1=ООО "Банк Точка"
ПлательщикБанк2=Г. МОСКВА
ПлательщикБИК=044525104
ПлательщикКорсчет=30101810745374525104
ПолучательСчет=40702810702270001628
ДатаПоступило=
ПолучательИНН=6673230231
Получатель1=ФК "УралФинанс"ООО
ПолучательРасчСчет=40702810702270001628
ПолучательБанк1=ООО "Банк Точка"
ПолучательБанк2=Г. МОСКВА
ПолучательБИК=044525104
ПолучательКорсчет=30101810745374525104
ВидПлатежа=электронно
ВидОплаты=01
Код=
ПолучательКПП=0
ПлательщикКПП=667101001
СрокПлатежа=01.12.2025
Очередность=5
НазначениеПлатежа=Оплата по счету № 6837 от 11.11.2025 за бухгалтерские услуги ноябрь 2025. Без налога (НДС)
КонецДокумента
СекцияДокумент=Платежное поручение
Номер=3510
Дата=01.12.2025
Сумма=130000.00
ПлательщикСчет=40702810238000014221
ДатаСписано=
ПлательщикИНН=7724941975
Плательщик1=ООО "ПУЯНГ ОГНЕУПОРЫ ГРУП-РУС"
ПлательщикРасчСчет=40702810238000014221
ПлательщикБанк1=ПАО Сбербанк
ПлательщикБанк2=Г. МОСКВА
ПлательщикБИК=044525225
ПлательщикКорсчет=30101810400000000225
ПолучательСчет=40702810020000066887
ДатаПоступило=01.12.2025
ПолучательИНН=6679146716
Получатель1=ОБЩЕСТВО С ОГРАНИЧЕННОЙ ОТВЕТСТВЕННОСТЬЮ "АЛЬФА ГРУПП"
ПолучательРасчСчет=40702810020000066887
ПолучательБанк1=ООО "Банк Точка"
ПолучательБанк2=Г. МОСКВА
ПолучательБИК=044525104
ПолучательКорсчет=30101810745374525104
ВидПлатежа=электронно
ВидОплаты=01
Код=
ПолучательКПП=667101001
ПлательщикКПП=0
СрокПлатежа=01.12.2025
Очередность=5
НазначениеПлатежа=Оплата по счету №885 от 25.11.2025 за транспортные услуги. Сумма 130000-00 В т.ч. НДС (20%) 21666-67
КонецДокумента
СекцияДокумент=Платежное поручение
Номер=3509
Дата=01.12.2025
Сумма=52000.00
ПлательщикСчет=40702810238000014221
ДатаСписано=
ПлательщикИНН=7724941975
Плательщик1=ООО "ПУЯНГ ОГНЕУПОРЫ ГРУП-РУС"
ПлательщикРасчСчет=40702810238000014221
ПлательщикБанк1=ПАО Сбербанк
ПлательщикБанк2=Г. МОСКВА
ПлательщикБИК=044525225
ПлательщикКорсчет=30101810400000000225
ПолучательСчет=40702810020000066887
ДатаПоступило=01.12.2025
ПолучательИНН=6679146716
Получатель1=ОБЩЕСТВО С ОГРАНИЧЕННОЙ ОТВЕТСТВЕННОСТЬЮ "АЛЬФА ГРУПП"
ПолучательРасчСчет=40702810020000066887
ПолучательБанк1=ООО "Банк Точка"
ПолучательБанк2=Г. МОСКВА
ПолучательБИК=044525104
ПолучательКорсчет=30101810745374525104
ВидПлатежа=электронно
ВидОплаты=01
Код=
ПолучательКПП=667101001
ПлательщикКПП=0
СрокПлатежа=01.12.2025
Очередность=5
НазначениеПлатежа=Оплата по счету №887 от 25.11.2025 за транспортные услуги. Сумма 52000-00 В т.ч. НДС (20%) 8666-67
КонецДокумента
СекцияДокумент=Платежное поручение
Номер=126
Дата=01.12.2025
Сумма=182000.00
ПлательщикСчет=40702810020000066887
ДатаСписано=01.12.2025
ПлательщикИНН=6679146716
Плательщик1=ОБЩЕСТВО С ОГРАНИЧЕННОЙ ОТВЕТСТВЕННОСТЬЮ "АЛЬФА ГРУПП"
ПлательщикРасчСчет=40702810020000066887
ПлательщикБанк1=ООО "Банк Точка"
ПлательщикБанк2=Г. МОСКВА
ПлательщикБИК=044525104
ПлательщикКорсчет=30101810745374525104
ПолучательСчет=40702810202500009803
ДатаПоступило=
ПолучательИНН=6671077130
Получатель1=ООО "НЕФТЕГРУЗ"
ПолучательРасчСчет=40702810202500009803
ПолучательБанк1=ООО "Банк Точка"
ПолучательБанк2=Г. МОСКВА
ПолучательБИК=044525104
ПолучательКорсчет=30101810745374525104
ВидПлатежа=электронно
ВидОплаты=01
Код=
ПолучательКПП=665801001
ПлательщикКПП=667101001
СрокПлатежа=01.12.2025
Очередность=5
НазначениеПлатежа=без НДС
КонецДокумента
СекцияДокумент=Платежное поручение
Номер=3521
Дата=02.12.2025
Сумма=130000.00
ПлательщикСчет=40702810238000014221
ДатаСписано=
ПлательщикИНН=7724941975
Плательщик1=ООО "ПУЯНГ ОГНЕУПОРЫ ГРУП-РУС"
ПлательщикРасчСчет=40702810238000014221
ПлательщикБанк1=ПАО Сбербанк
ПлательщикБанк2=Г. МОСКВА
ПлательщикБИК=044525225
ПлательщикКорсчет=30101810400000000225
ПолучательСчет=40702810020000066887
ДатаПоступило=02.12.2025
ПолучательИНН=6679146716
Получатель1=ОБЩЕСТВО С ОГРАНИЧЕННОЙ ОТВЕТСТВЕННОСТЬЮ "АЛЬФА ГРУПП"
ПолучательРасчСчет=40702810020000066887
ПолучательБанк1=ООО "Банк Точка"
ПолучательБанк2=Г. МОСКВА
ПолучательБИК=044525104
ПолучательКорсчет=30101810745374525104
ВидПлатежа=электронно
ВидОплаты=01
Код=
ПолучательКПП=667101001
ПлательщикКПП=0
СрокПлатежа=02.12.2025
Очередность=5
НазначениеПлатежа=Оплата по счету №884 от 21.11.2025 за транспортные услуги. Сумма 130000-00 В т.ч. НДС (20%) 21666-67
КонецДокумента
СекцияДокумент=Платежное поручение
Номер=128
Дата=02.12.2025
Сумма=52000.00
ПлательщикСчет=40702810020000066887
ДатаСписано=02.12.2025
ПлательщикИНН=6679146716
Плательщик1=ОБЩЕСТВО С ОГРАНИЧЕННОЙ ОТВЕТСТВЕННОСТЬЮ "АЛЬФА ГРУПП"
ПлательщикРасчСчет=40702810020000066887
ПлательщикБанк1=ООО "Банк Точка"
ПлательщикБанк2=Г. МОСКВА
ПлательщикБИК=044525104
ПлательщикКорсчет=30101810745374525104
ПолучательСчет=40702810202500009803
ДатаПоступило=
ПолучательИНН=6671077130
Получатель1=ООО "НЕФТЕГРУЗ"
ПолучательРасчСчет=40702810202500009803
ПолучательБанк1=ООО "Банк Точка"
ПолучательБанк2=Г. МОСКВА
ПолучательБИК=044525104
ПолучательКорсчет=30101810745374525104
ВидПлатежа=электронно
ВидОплаты=01
Код=
ПолучательКПП=665801001
ПлательщикКПП=667101001
СрокПлатежа=02.12.2025
Очередность=5
НазначениеПлатежа=без НДС
КонецДокумента
СекцияДокумент=Платежное поручение
Номер=130
Дата=02.12.2025
Сумма=78000.00
ПлательщикСчет=40702810020000066887
ДатаСписано=02.12.2025
ПлательщикИНН=6679146716
Плательщик1=ОБЩЕСТВО С ОГРАНИЧЕННОЙ ОТВЕТСТВЕННОСТЬЮ "АЛЬФА ГРУПП"
ПлательщикРасчСчет=40702810020000066887
ПлательщикБанк1=ООО "Банк Точка"
ПлательщикБанк2=Г. МОСКВА
ПлательщикБИК=044525104
ПлательщикКорсчет=30101810745374525104
ПолучательСчет=40702810202500009803
ДатаПоступило=
ПолучательИНН=6671077130
Получатель1=ООО "НЕФТЕГРУЗ"
ПолучательРасчСчет=40702810202500009803
ПолучательБанк1=ООО "Банк Точка"
ПолучательБанк2=Г. МОСКВА
ПолучательБИК=044525104
ПолучательКорсчет=30101810745374525104
ВидПлатежа=электронно
ВидОплаты=01
Код=
ПолучательКПП=665801001
ПлательщикКПП=667101001
СрокПлатежа=02.12.2025
Очередность=5
НазначениеПлатежа=без НДС
КонецДокумента
СекцияДокумент=Платежное поручение
Номер=25
Дата=04.12.2025
Сумма=46500.00
ПлательщикСчет=40702810202500009803
ДатаСписано=
ПлательщикИНН=6671077130
Плательщик1=ООО "НЕФТЕГРУЗ"
ПлательщикРасчСчет=40702810202500009803
ПлательщикБанк1=ООО "Банк Точка"
ПлательщикБанк2=Г. МОСКВА
ПлательщикБИК=044525104
ПлательщикКорсчет=30101810745374525104
ПолучательСчет=40702810020000066887
ДатаПоступило=04.12.2025
ПолучательИНН=6679146716
Получатель1=ОБЩЕСТВО С ОГРАНИЧЕННОЙ ОТВЕТСТВЕННОСТЬЮ "АЛЬФА ГРУПП"
ПолучательРасчСчет=40702810020000066887
ПолучательБанк1=ООО "Банк Точка"
ПолучательБанк2=Г. МОСКВА
ПолучательБИК=044525104
ПолучательКорсчет=30101810745374525104
ВидПлатежа=электронно
ВидОплаты=01
Код=
ПолучательКПП=667101001
ПлательщикКПП=665801001
СрокПлатежа=04.12.2025
Очередность=5
НазначениеПлатежа=без НДС
КонецДокумента
СекцияДокумент=Платежное поручение
Номер=135
Дата=04.12.2025
Сумма=6000.00
ПлательщикСчет=40702810020000066887
ДатаСписано=04.12.2025
ПлательщикИНН=6679146716
Плательщик1=ОБЩЕСТВО С ОГРАНИЧЕННОЙ ОТВЕТСТВЕННОСТЬЮ "АЛЬФА ГРУПП"
ПлательщикРасчСчет=40702810020000066887
ПлательщикБанк1=ООО "Банк Точка"
ПлательщикБанк2=Г. МОСКВА
ПлательщикБИК=044525104
ПлательщикКорсчет=30101810745374525104
ПолучательСчет=40802810216540049911
ДатаПоступило=
ПолучательИНН=662504020220
Получатель1=ИП Гайсин Марат Шарифуллович
ПолучательРасчСчет=40802810216540049911
ПолучательБанк1=УРАЛЬСКИЙ БАНК ПАО СБЕРБАНК
ПолучательБанк2=Г. ЕКАТЕРИНБУРГ
ПолучательБИК=046577674
ПолучательКорсчет=30101810500000000674
ВидПлатежа=электронно
ВидОплаты=01
Код=
ПолучательКПП=0
ПлательщикКПП=667101001
СрокПлатежа=04.12.2025
Очередность=5
НазначениеПлатежа=Оплата по счету № 55 от 19.11.25 за транспортные услуги по договор-заявке № 25-11-006 Сумма 6000-00 Без налога (НДС)
КонецДокумента
СекцияДокумент=Платежное поручение
Номер=134
Дата=04.12.2025
Сумма=24000.00
ПлательщикСчет=40702810020000066887
ДатаСписано=04.12.2025
ПлательщикИНН=6679146716
Плательщик1=ОБЩЕСТВО С ОГРАНИЧЕННОЙ ОТВЕТСТВЕННОСТЬЮ "АЛЬФА ГРУПП"
ПлательщикРасчСчет=40702810020000066887
ПлательщикБанк1=ООО "Банк Точка"
ПлательщикБанк2=Г. МОСКВА
ПлательщикБИК=044525104
ПлательщикКорсчет=30101810745374525104
ПолучательСчет=40702810416360000068
ДатаПоступило=
ПолучательИНН=2130233930
Получатель1=ООО "Колесо Удачи"
ПолучательРасчСчет=40702810416360000068
ПолучательБанк1=Филиал "Центральный" Банка ВТБ (ПАО)
ПолучательБанк2=Г. МОСКВА
ПолучательБИК=044525411
ПолучательКорсчет=30101810145250000411
ВидПлатежа=электронно
ВидОплаты=01
Код=
ПолучательКПП=0
ПлательщикКПП=667101001
СрокПлатежа=04.12.2025
Очередность=5
НазначениеПлатежа=Оплата по счету № 91 от 13.11.2025 за транспортные услуги по Договор-Заявке №25-11-004. Сумма 24000-00 В т.ч. НДС (20%) 4000-00
КонецДокумента
СекцияДокумент=Платежное поручение
Номер=126
Дата=04.12.2025
Сумма=5000.00
ПлательщикСчет=40702810020000066887
ДатаСписано=04.12.2025
ПлательщикИНН=6679146716
Плательщик1=ОБЩЕСТВО С ОГРАНИЧЕННОЙ ОТВЕТСТВЕННОСТЬЮ "АЛЬФА ГРУПП"
ПлательщикРасчСчет=40702810020000066887
ПлательщикБанк1=ООО "Банк Точка"
ПлательщикБанк2=Г. МОСКВА
ПлательщикБИК=044525104
ПлательщикКорсчет=30101810745374525104
ПолучательСчет=40702810702270001628
ДатаПоступило=
ПолучательИНН=6673230231
Получатель1=ФК "УралФинанс"ООО
ПолучательРасчСчет=40702810702270001628
ПолучательБанк1=ООО "Банк Точка"
ПолучательБанк2=Г. МОСКВА
ПолучательБИК=044525104
ПолучательКорсчет=30101810745374525104
ВидПлатежа=электронно
ВидОплаты=01
Код=
ПолучательКПП=0
ПлательщикКПП=667101001
СрокПлатежа=04.12.2025
Очередность=5
НазначениеПлатежа=Оплата по счету № 6838 от 11.11.2025 за доступ к системе Контур. Без налога (НДС)
КонецДокумента
СекцияДокумент=Платежное поручение
Номер=136
Дата=04.12.2025
Сумма=11179.36
ПлательщикСчет=40702810020000066887
ДатаСписано=04.12.2025
ПлательщикИНН=6679146716
Плательщик1=ОБЩЕСТВО С ОГРАНИЧЕННОЙ ОТВЕТСТВЕННОСТЬЮ "АЛЬФА ГРУПП"
ПлательщикРасчСчет=40702810020000066887
ПлательщикБанк1=ООО "Банк Точка"
ПлательщикБанк2=Г. МОСКВА
ПлательщикБИК=044525104
ПлательщикКорсчет=30101810745374525104
ПолучательСчет=40802810216740000336
ДатаПоступило=
ПолучательИНН=664000022983
Получатель1=ИНДИВИДУАЛЬНЫЙ ПРЕДПРИНИМАТЕЛЬ МАРКОВА ИРИНА АНАТОЛЬЕВНА
ПолучательРасчСчет=40802810216740000336
ПолучательБанк1=УРАЛЬСКИЙ БАНК ПАО СБЕРБАНК
ПолучательБанк2=Г. ЕКАТЕРИНБУРГ
ПолучательБИК=046577674
ПолучательКорсчет=30101810500000000674
ВидПлатежа=электронно
ВидОплаты=01
Код=
ПолучательКПП=0
ПлательщикКПП=667101001
СрокПлатежа=04.12.2025
Очередность=5
НазначениеПлатежа=Счет №13 от 25.11.2025, оплата за внутристанционные работы, ваг. №64193030 без НДС
КонецДокумента
СекцияДокумент=Платежное поручение
Номер=1269
Дата=03.12.2025
Сумма=12500.00
ПлательщикСчет=40702810638030006362
ДатаСписано=
ПлательщикИНН=6678065013
Плательщик1=ОБЩЕСТВО С ОГРАНИЧЕННОЙ ОТВЕТСТВЕННОСТЬЮ ПК "СФЕРАГРУПП"
ПлательщикРасчСчет=40702810638030006362
ПлательщикБанк1=ФИЛИАЛ "ЕКАТЕРИНБУРГСКИЙ" АО "АЛЬФА-БАНК"
ПлательщикБанк2=Г. ЕКАТЕРИНБУРГ
ПлательщикБИК=046577964
ПлательщикКорсчет=30101810100000000964
ПолучательСчет=40702810020000066887
ДатаПоступило=04.12.2025
ПолучательИНН=6679146716
Получатель1=ОБЩЕСТВО С ОГРАНИЧЕННОЙ ОТВЕТСТВЕННОСТЬЮ "АЛЬФА ГРУПП"
ПолучательРасчСчет=40702810020000066887
ПолучательБанк1=ООО "Банк Точка"
ПолучательБанк2=Г. МОСКВА
ПолучательБИК=044525104
ПолучательКорсчет=30101810745374525104
ВидПлатежа=электронно
ВидОплаты=01
Код=
ПолучательКПП=667101001
ПлательщикКПП=0
СрокПлатежа=04.12.2025
Очередность=5
НазначениеПлатежа=Оплата за перевозку груза, счет 888 от 03.12.2025г. В том числе НДС 20%, 2083.33 руб.
КонецДокумента
СекцияДокумент=Платежное поручение
Номер=137
Дата=04.12.2025
Сумма=12800.00
ПлательщикСчет=40702810020000066887
ДатаСписано=04.12.2025
ПлательщикИНН=6679146716
Плательщик1=ОБЩЕСТВО С ОГРАНИЧЕННОЙ ОТВЕТСТВЕННОСТЬЮ "АЛЬФА ГРУПП"
ПлательщикРасчСчет=40702810020000066887
ПлательщикБанк1=ООО "Банк Точка"
ПлательщикБанк2=Г. МОСКВА
ПлательщикБИК=044525104
ПлательщикКорсчет=30101810745374525104
ПолучательСчет=40702810202500009803
ДатаПоступило=
ПолучательИНН=6671077130
Получатель1=ООО "НЕФТЕГРУЗ"
ПолучательРасчСчет=40702810202500009803
ПолучательБанк1=ООО "Банк Точка"
ПолучательБанк2=Г. МОСКВА
ПолучательБИК=044525104
ПолучательКорсчет=30101810745374525104
ВидПлатежа=электронно
ВидОплаты=01
Код=
ПолучательКПП=665801001
ПлательщикКПП=667101001
СрокПлатежа=04.12.2025
Очередность=5
НазначениеПлатежа=без НДС
КонецДокумента
СекцияДокумент=Платежное поручение
Номер=18
Дата=08.12.2025
Сумма=20000.00
ПлательщикСчет=40702810202500009803
ДатаСписано=
ПлательщикИНН=6671077130
Плательщик1=ООО "НЕФТЕГРУЗ"
ПлательщикРасчСчет=40702810202500009803
ПлательщикБанк1=ООО "Банк Точка"
ПлательщикБанк2=Г. МОСКВА
ПлательщикБИК=044525104
ПлательщикКорсчет=30101810745374525104
ПолучательСчет=40702810020000066887
ДатаПоступило=08.12.2025
ПолучательИНН=6679146716
Получатель1=ОБЩЕСТВО С ОГРАНИЧЕННОЙ ОТВЕТСТВЕННОСТЬЮ "АЛЬФА ГРУПП"
ПолучательРасчСчет=40702810020000066887
ПолучательБанк1=ООО "Банк Точка"
ПолучательБанк2=Г. МОСКВА
ПолучательБИК=044525104
ПолучательКорсчет=30101810745374525104
ВидПлатежа=электронно
ВидОплаты=01
Код=
ПолучательКПП=667101001
ПлательщикКПП=665801001
СрокПлатежа=08.12.2025
Очередность=5
НазначениеПлатежа=без НДС
КонецДокумента
СекцияДокумент=Платежное поручение
Номер=139
Дата=08.12.2025
Сумма=9700.00
ПлательщикСчет=40702810020000066887
ДатаСписано=08.12.2025
ПлательщикИНН=6679146716
Плательщик1=ОБЩЕСТВО С ОГРАНИЧЕННОЙ ОТВЕТСТВЕННОСТЬЮ "АЛЬФА ГРУПП"
ПлательщикРасчСчет=40702810020000066887
ПлательщикБанк1=ООО "Банк Точка"
ПлательщикБанк2=Г. МОСКВА
ПлательщикБИК=044525104
ПлательщикКорсчет=30101810745374525104
ПолучательСчет=40702810202500009803
ДатаПоступило=
ПолучательИНН=6671077130
Получатель1=ООО "НЕФТЕГРУЗ"
ПолучательРасчСчет=40702810202500009803
ПолучательБанк1=ООО "Банк Точка"
ПолучательБанк2=Г. МОСКВА
ПолучательБИК=044525104
ПолучательКорсчет=30101810745374525104
ВидПлатежа=электронно
ВидОплаты=01
Код=
ПолучательКПП=665801001
ПлательщикКПП=667101001
СрокПлатежа=08.12.2025
Очередность=5
НазначениеПлатежа=без НДС
КонецДокумента
СекцияДокумент=Банковский ордер
Номер=237755
Дата=09.12.2025
Сумма=10323.50
ПлательщикСчет=40702810020000066887
ДатаСписано=09.12.2025
ПлательщикИНН=6679146716
Плательщик1=ОБЩЕСТВО С ОГРАНИЧЕННОЙ ОТВЕТСТВЕННОСТЬЮ "АЛЬФА ГРУПП"
ПлательщикРасчСчет=40702810020000066887
ПлательщикБанк1=ООО "Банк Точка"
ПлательщикБанк2=Г. МОСКВА
ПлательщикБИК=044525104
ПлательщикКорсчет=30101810745374525104
ПолучательСчет=30232810820000003944
ДатаПоступило=
ПолучательИНН=9721194461
Получатель1=ООО "Банк Точка"
ПолучательРасчСчет=30232810820000003944
ПолучательБанк1=ООО "Банк Точка"
ПолучательБанк2=Г. МОСКВА
ПолучательБИК=044525104
ПолучательКорсчет=30101810745374525104
ВидПлатежа=электронно
ВидОплаты=17
Код=
ПолучательКПП=997950001
ПлательщикКПП=667101001
СрокПлатежа=09.12.2025
Очередность=5
НазначениеПлатежа=Покупка товара(Терминал:LEMANAPRO_RSB_053,UL. METALLURGOV 74,EKATERINBURG,RU,дата операции:08/12/2025 10:12(МСК),на сумму:10323.5 RUB,карта 2204********3350)
КонецДокумента
СекцияДокумент=Платежное поручение
Номер=3613
Дата=10.12.2025
Сумма=30000.00
ПлательщикСчет=40702810238000014221
ДатаСписано=
ПлательщикИНН=7724941975
Плательщик1=ООО "ПУЯНГ ОГНЕУПОРЫ ГРУП-РУС"
ПлательщикРасчСчет=40702810238000014221
ПлательщикБанк1=ПАО Сбербанк
ПлательщикБанк2=Г. МОСКВА
ПлательщикБИК=044525225
ПлательщикКорсчет=30101810400000000225
ПолучательСчет=40702810020000066887
ДатаПоступило=10.12.2025
ПолучательИНН=6679146716
Получатель1=ОБЩЕСТВО С ОГРАНИЧЕННОЙ ОТВЕТСТВЕННОСТЬЮ "АЛЬФА ГРУПП"
ПолучательРасчСчет=40702810020000066887
ПолучательБанк1=ООО "Банк Точка"
ПолучательБанк2=Г. МОСКВА
ПолучательБИК=044525104
ПолучательКорсчет=30101810745374525104
ВидПлатежа=электронно
ВидОплаты=01
Код=
ПолучательКПП=667101001
ПлательщикКПП=0
СрокПлатежа=10.12.2025
Очередность=5
НазначениеПлатежа=Оплата по счету №890 от 09.12.2025 за транспортные услуги. Сумма 30000-00 В т.ч. НДС (20%) 5000-00
КонецДокумента
СекцияДокумент=Платежное поручение
Номер=141
Дата=10.12.2025
Сумма=7200.00
ПлательщикСчет=40702810020000066887
ДатаСписано=10.12.2025
ПлательщикИНН=6679146716
Плательщик1=ОБЩЕСТВО С ОГРАНИЧЕННОЙ ОТВЕТСТВЕННОСТЬЮ "АЛЬФА ГРУПП"
ПлательщикРасчСчет=40702810020000066887
ПлательщикБанк1=ООО "Банк Точка"
ПлательщикБанк2=Г. МОСКВА
ПлательщикБИК=044525104
ПлательщикКорсчет=30101810745374525104
ПолучательСчет=40802810216540104128
ДатаПоступило=
ПолучательИНН=664603491819
Получатель1=ИП Твердохлебов Сергей Владимирович
ПолучательРасчСчет=40802810216540104128
ПолучательБанк1=УРАЛЬСКИЙ БАНК ПАО СБЕРБАНК
ПолучательБанк2=Г. ЕКАТЕРИНБУРГ
ПолучательБИК=046577674
ПолучательКорсчет=30101810500000000674
ВидПлатежа=электронно
ВидОплаты=01
Код=
ПолучательКПП=0
ПлательщикКПП=667101001
СрокПлатежа=10.12.2025
Очередность=5
НазначениеПлатежа=Оплата по счету № 215 от 04 декабря 2025 за транспортные услуги Екатеринбург Кислородная. Сумма 7200-00 Без налога (НДС)
КонецДокумента
СекцияДокумент=Платежное поручение
Номер=19
Дата=10.12.2025
Сумма=70000.00
ПлательщикСчет=40702810202500009803
ДатаСписано=
ПлательщикИНН=6671077130
Плательщик1=ООО "НЕФТЕГРУЗ"
ПлательщикРасчСчет=40702810202500009803
ПлательщикБанк1=ООО "Банк Точка"
ПлательщикБанк2=Г. МОСКВА
ПлательщикБИК=044525104
ПлательщикКорсчет=30101810745374525104
ПолучательСчет=40702810020000066887
ДатаПоступило=10.12.2025
ПолучательИНН=6679146716
Получатель1=ОБЩЕСТВО С ОГРАНИЧЕННОЙ ОТВЕТСТВЕННОСТЬЮ "АЛЬФА ГРУПП"
ПолучательРасчСчет=40702810020000066887
ПолучательБанк1=ООО "Банк Точка"
ПолучательБанк2=Г. МОСКВА
ПолучательБИК=044525104
ПолучательКорсчет=30101810745374525104
ВидПлатежа=электронно
ВидОплаты=01
Код=
ПолучательКПП=667101001
ПлательщикКПП=665801001
СрокПлатежа=10.12.2025
Очередность=5
НазначениеПлатежа=без НДС
КонецДокумента
СекцияДокумент=Платежное поручение
Номер=140
Дата=10.12.2025
Сумма=25000.00
ПлательщикСчет=40702810020000066887
ДатаСписано=10.12.2025
ПлательщикИНН=6679146716
Плательщик1=ОБЩЕСТВО С ОГРАНИЧЕННОЙ ОТВЕТСТВЕННОСТЬЮ "АЛЬФА ГРУПП"
ПлательщикРасчСчет=40702810020000066887
ПлательщикБанк1=ООО "Банк Точка"
ПлательщикБанк2=Г. МОСКВА
ПлательщикБИК=044525104
ПлательщикКорсчет=30101810745374525104
ПолучательСчет=40802810116540011298
ДатаПоступило=
ПолучательИНН=660500080680
Получатель1=ИП Пучин Валерий Иванович
ПолучательРасчСчет=40802810116540011298
ПолучательБанк1=УРАЛЬСКИЙ БАНК ПАО СБЕРБАНК
ПолучательБанк2=Г. ЕКАТЕРИНБУРГ
ПолучательБИК=046577674
ПолучательКорсчет=30101810500000000674
ВидПлатежа=электронно
ВидОплаты=01
Код=
ПолучательКПП=0
ПлательщикКПП=667101001
СрокПлатежа=10.12.2025
Очередность=5
НазначениеПлатежа=Оплата по счету № 371 от 26 ноября 2025 за транспортные услуги по договор-заявке № 25-11-011 Сумма 25000-00 Без налога (НДС)
КонецДокумента
СекцияДокумент=Платежное поручение
Номер=136
Дата=05.12.2025
Сумма=3900.00
ПлательщикСчет=40702810020000066887
ДатаСписано=10.12.2025
ПлательщикИНН=6679146716
Плательщик1=ОБЩЕСТВО С ОГРАНИЧЕННОЙ ОТВЕТСТВЕННОСТЬЮ "АЛЬФА ГРУПП"
ПлательщикРасчСчет=40702810020000066887
ПлательщикБанк1=ООО "Банк Точка"
ПлательщикБанк2=Г. МОСКВА
ПлательщикБИК=044525104
ПлательщикКорсчет=30101810745374525104
ПолучательСчет=03100643000000018500
ДатаПоступило=
ПолучательИНН=7727406020
Получатель1=Казначейство России (ФНС России)
ПолучательРасчСчет=03100643000000018500
ПолучательБанк1=ОКЦ № 7 ГУ Банка России по ЦФО//УФК по Тульской области
ПолучательБанк2=Г. ТУЛА
ПолучательБИК=017003983
ВидПлатежа=электронно
ВидОплаты=01
Код=0
СтатусСоставителя=01
ПолучательКПП=770801001
ПлательщикКПП=668101001
ПоказательКБК=18201061201010000510
ОКАТО=0
ПоказательОснования=0
ПоказательПериода=0
ПоказательНомера=0
ПоказательДаты=0
СрокПлатежа=10.12.2025
Очередность=5
НазначениеПлатежа=Единый налоговый платеж (взносы единый тариф ноябрь 2025)
КонецДокумента
СекцияДокумент=Платежное поручение
Номер=137
Дата=05.12.2025
Сумма=78.00
ПлательщикСчет=40702810020000066887
ДатаСписано=10.12.2025
ПлательщикИНН=6679146716
Плательщик1=ОБЩЕСТВО С ОГРАНИЧЕННОЙ ОТВЕТСТВЕННОСТЬЮ "АЛЬФА ГРУПП"
ПлательщикРасчСчет=40702810020000066887
ПлательщикБанк1=ООО "Банк Точка"
ПлательщикБанк2=Г. МОСКВА
ПлательщикБИК=044525104
ПлательщикКорсчет=30101810745374525104
ПолучательСчет=03100643000000016200
ДатаПоступило=
ПолучательИНН=6661009187
Получатель1=УФК по Свердловской области (ОСФР по Свердловской области)
ПолучательРасчСчет=03100643000000016200
ПолучательБанк1=ОКЦ № 1 УГУ Банка России//УФК по Свердловской области
ПолучательБанк2=Г. ЕКАТЕРИНБУРГ
ПолучательБИК=016577551
ВидПлатежа=электронно
ВидОплаты=01
Код=0
СтатусСоставителя=08
ПолучательКПП=667001001
ПлательщикКПП=667101001
ПоказательКБК=79710212000061000160
ОКАТО=65701000
ПоказательОснования=0
ПоказательПериода=0
ПоказательНомера=0
ПоказательДаты=0
СрокПлатежа=10.12.2025
Очередность=5
НазначениеПлатежа=Взносы на обязательное страхование от несчастных случаев ноябрь 2025г. Регистрационный номер в СФР 1038573083
КонецДокумента
СекцияДокумент=Платежное поручение
Номер=138
Дата=10.12.2025
Сумма=7234.99
ПлательщикСчет=40702810020000066887
ДатаСписано=10.12.2025
ПлательщикИНН=6679146716
Плательщик1=ОБЩЕСТВО С ОГРАНИЧЕННОЙ ОТВЕТСТВЕННОСТЬЮ "АЛЬФА ГРУПП"
ПлательщикРасчСчет=40702810020000066887
ПлательщикБанк1=ООО "Банк Точка"
ПлательщикБанк2=Г. МОСКВА
ПлательщикБИК=044525104
ПлательщикКорсчет=30101810745374525104
ПолучательСчет=47422810720000000002
ДатаПоступило=
ПолучательИНН=9721194461
Получатель1=ООО "Банк Точка"
ПолучательРасчСчет=47422810720000000002
ПолучательБанк1=ООО "Банк Точка"
ПолучательБанк2=Г. МОСКВА
ПолучательБИК=044525104
ПолучательКорсчет=30101810745374525104
ВидПлатежа=электронно
ВидОплаты=01
Код=
ПолучательКПП=997950001
ПлательщикКПП=667101001
СрокПлатежа=10.12.2025
Очередность=3
НазначениеПлатежа=Заработная плата по трудовому договору за ноябрь 2025 согласно реестру зачислений № 138 от 10.12.2025. НДС не предусмотрен.
КонецДокумента
СекцияДокумент=Банковский ордер
Номер=96693
Дата=10.12.2025
Сумма=39.79
ПлательщикСчет=40702810020000066887
ДатаСписано=10.12.2025
ПлательщикИНН=6679146716
Плательщик1=ОБЩЕСТВО С ОГРАНИЧЕННОЙ ОТВЕТСТВЕННОСТЬЮ "АЛЬФА ГРУПП"
ПлательщикРасчСчет=40702810020000066887
ПлательщикБанк1=ООО "Банк Точка"
ПлательщикБанк2=Г. МОСКВА
ПлательщикБИК=044525104
ПлательщикКорсчет=30101810745374525104
ПолучательСчет=70601810500002740200
ДатаПоступило=
ПолучательИНН=9721194461
Получатель1=ООО "Банк Точка"
ПолучательРасчСчет=70601810500002740200
ПолучательБанк1=ООО "Банк Точка"
ПолучательБанк2=Г. МОСКВА
ПолучательБИК=044525104
ПолучательКорсчет=30101810745374525104
ВидПлатежа=электронно
ВидОплаты=17
Код=
ПолучательКПП=997950001
ПлательщикКПП=667101001
СрокПлатежа=10.12.2025
Очередность=5
НазначениеПлатежа=Комиссия за обслуживание по Зарплатному проекту согласно Правилам банковского обслуживания, НДС не предусмотрен. ТП Начало
КонецДокумента
СекцияДокумент=Платежное поручение
Номер=20
Дата=10.12.2025
Сумма=7300.00
ПлательщикСчет=40702810202500009803
ДатаСписано=
ПлательщикИНН=6671077130
Плательщик1=ООО "НЕФТЕГРУЗ"
ПлательщикРасчСчет=40702810202500009803
ПлательщикБанк1=ООО "Банк Точка"
ПлательщикБанк2=Г. МОСКВА
ПлательщикБИК=044525104
ПлательщикКорсчет=30101810745374525104
ПолучательСчет=40702810020000066887
ДатаПоступило=10.12.2025
ПолучательИНН=6679146716
Получатель1=ОБЩЕСТВО С ОГРАНИЧЕННОЙ ОТВЕТСТВЕННОСТЬЮ "АЛЬФА ГРУПП"
ПолучательРасчСчет=40702810020000066887
ПолучательБанк1=ООО "Банк Точка"
ПолучательБанк2=Г. МОСКВА
ПолучательБИК=044525104
ПолучательКорсчет=30101810745374525104
ВидПлатежа=электронно
ВидОплаты=01
Код=
ПолучательКПП=667101001
ПлательщикКПП=665801001
СрокПлатежа=10.12.2025
Очередность=5
НазначениеПлатежа=без НДС
КонецДокумента
СекцияДокумент=Платежное поручение
Номер=142
Дата=10.12.2025
Сумма=63840.00
ПлательщикСчет=40702810020000066887
ДатаСписано=10.12.2025
ПлательщикИНН=6679146716
Плательщик1=ОБЩЕСТВО С ОГРАНИЧЕННОЙ ОТВЕТСТВЕННОСТЬЮ "АЛЬФА ГРУПП"
ПлательщикРасчСчет=40702810020000066887
ПлательщикБанк1=ООО "Банк Точка"
ПлательщикБанк2=Г. МОСКВА
ПлательщикБИК=044525104
ПлательщикКорсчет=30101810745374525104
ПолучательСчет=40817810000030760586
ДатаПоступило=
ПолучательИНН=667100005585
Получатель1=Лутков Игорь Геннадьевич
ПолучательРасчСчет=40817810000030760586
ПолучательБанк1=АО "ТБанк"
ПолучательБанк2=Г. МОСКВА
ПолучательБИК=044525974
ПолучательКорсчет=30101810145250000974
ВидПлатежа=электронно
ВидОплаты=01
Код=
КодНазПлатежа=
ПолучательКПП=0
ПлательщикКПП=667101001
СрокПлатежа=10.12.2025
Очередность=5
НазначениеПлатежа=Оплата самозанятому по договору №86213-2 от 01.01.2024 г. за консультационные услуги., без НДС
КонецДокумента
СекцияДокумент=Платежное поручение
Номер=19
Дата=12.12.2025
Сумма=165000.00
ПлательщикСчет=40702810202500009803
ДатаСписано=
ПлательщикИНН=6671077130
Плательщик1=ООО "НЕФТЕГРУЗ"
ПлательщикРасчСчет=40702810202500009803
ПлательщикБанк1=ООО "Банк Точка"
ПлательщикБанк2=Г. МОСКВА
ПлательщикБИК=044525104
ПлательщикКорсчет=30101810745374525104
ПолучательСчет=40702810020000066887
ДатаПоступило=12.12.2025
ПолучательИНН=6679146716
Получатель1=ОБЩЕСТВО С ОГРАНИЧЕННОЙ ОТВЕТСТВЕННОСТЬЮ "АЛЬФА ГРУПП"
ПолучательРасчСчет=40702810020000066887
ПолучательБанк1=ООО "Банк Точка"
ПолучательБанк2=Г. МОСКВА
ПолучательБИК=044525104
ПолучательКорсчет=30101810745374525104
ВидПлатежа=электронно
ВидОплаты=01
Код=
ПолучательКПП=667101001
ПлательщикКПП=665801001
СрокПлатежа=12.12.2025
Очередность=5
НазначениеПлатежа=без НДС
КонецДокумента
СекцияДокумент=Платежное поручение
Номер=139
Дата=12.12.2025
Сумма=150000.00
ПлательщикСчет=40702810020000066887
ДатаСписано=12.12.2025
ПлательщикИНН=6679146716
Плательщик1=ОБЩЕСТВО С ОГРАНИЧЕННОЙ ОТВЕТСТВЕННОСТЬЮ "АЛЬФА ГРУПП"
ПлательщикРасчСчет=40702810020000066887
ПлательщикБанк1=ООО "Банк Точка"
ПлательщикБанк2=Г. МОСКВА
ПлательщикБИК=044525104
ПлательщикКорсчет=30101810745374525104
ПолучательСчет=40702810610001648530
ДатаПоступило=
ПолучательИНН=3000007379
Получатель1=ООО "НОВА"
ПолучательРасчСчет=40702810610001648530
ПолучательБанк1=АО "ТБанк"
ПолучательБанк2=Г. МОСКВА
ПолучательБИК=044525974
ПолучательКорсчет=30101810145250000974
ВидПлатежа=электронно
ВидОплаты=01
Код=
ПолучательКПП=0
ПлательщикКПП=667101001
СрокПлатежа=12.12.2025
Очередность=5
НазначениеПлатежа=Оплата по счету № 839 от 12 ноября 2025 за транспортные услуги по договор-заявке № 25-11-002 Сумма 300000-00 В т.ч. НДС (20%) 50000-00
КонецДокумента
СекцияДокумент=Платежное поручение
Номер=140
Дата=12.12.2025
Сумма=15000.00
ПлательщикСчет=40702810020000066887
ДатаСписано=12.12.2025
ПлательщикИНН=6679146716
Плательщик1=ОБЩЕСТВО С ОГРАНИЧЕННОЙ ОТВЕТСТВЕННОСТЬЮ "АЛЬФА ГРУПП"
ПлательщикРасчСчет=40702810020000066887
ПлательщикБанк1=ООО "Банк Точка"
ПлательщикБанк2=Г. МОСКВА
ПлательщикБИК=044525104
ПлательщикКорсчет=30101810745374525104
ПолучательСчет=40817810000030760586
ДатаПоступило=
ПолучательИНН=667100005585
Получатель1=Лутков Игорь Геннадьевич
ПолучательРасчСчет=40817810000030760586
ПолучательБанк1=АО "ТБанк"
ПолучательБанк2=Г. МОСКВА
ПолучательБИК=044525974
ПолучательКорсчет=30101810145250000974
ВидПлатежа=электронно
ВидОплаты=01
Код=
КодНазПлатежа=
ПолучательКПП=0
ПлательщикКПП=667101001
СрокПлатежа=12.12.2025
Очередность=5
НазначениеПлатежа=Оплата самозанятому по договору №86213-2 от 01.01.2024 г. за консультационные услуги., без НДС
КонецДокумента
СекцияДокумент=Платежное поручение
Номер=1
Дата=13.12.2025
Сумма=186000.00
ПлательщикСчет=40702810516750004863
ДатаСписано=
ПлательщикИНН=6679146716
Плательщик1=ООО "АЛЬФА ГРУПП"
ПлательщикРасчСчет=40702810516750004863
ПлательщикБанк1=УРАЛЬСКИЙ БАНК ПАО СБЕРБАНК
ПлательщикБанк2=Г. ЕКАТЕРИНБУРГ
ПлательщикБИК=046577674
ПлательщикКорсчет=30101810500000000674
ПолучательСчет=40702810020000066887
ДатаПоступило=13.12.2025
ПолучательИНН=6679146716
Получатель1=ОБЩЕСТВО С ОГРАНИЧЕННОЙ ОТВЕТСТВЕННОСТЬЮ "АЛЬФА ГРУПП"
ПолучательРасчСчет=40702810020000066887
ПолучательБанк1=ООО "Банк Точка"
ПолучательБанк2=Г. МОСКВА
ПолучательБИК=044525104
ПолучательКорсчет=30101810745374525104
ВидПлатежа=электронно
ВидОплаты=01
Код=
ПолучательКПП=667101001
ПлательщикКПП=667101001
СрокПлатежа=13.12.2025
Очередность=5
НазначениеПлатежа=перевод между саоими счетами, НДС не облагается.
КонецДокумента
СекцияДокумент=Платежное поручение
Номер=143
Дата=13.12.2025
Сумма=186000.00
ПлательщикСчет=40702810020000066887
ДатаСписано=13.12.2025
ПлательщикИНН=6679146716
Плательщик1=ОБЩЕСТВО С ОГРАНИЧЕННОЙ ОТВЕТСТВЕННОСТЬЮ "АЛЬФА ГРУПП"
ПлательщикРасчСчет=40702810020000066887
ПлательщикБанк1=ООО "Банк Точка"
ПлательщикБанк2=Г. МОСКВА
ПлательщикБИК=044525104
ПлательщикКорсчет=30101810745374525104
ПолучательСчет=40702810516750004863
ДатаПоступило=
ПолучательИНН=6679146716
Получатель1=ООО "АЛЬФА ГРУПП"
ПолучательРасчСчет=40702810516750004863
ПолучательБанк1=УРАЛЬСКИЙ БАНК ПАО СБЕРБАНК
ПолучательБанк2=Г. ЕКАТЕРИНБУРГ
ПолучательБИК=046577674
ПолучательКорсчет=30101810500000000674
ВидПлатежа=электронно
ВидОплаты=01
Код=
ПолучательКПП=667101001
ПлательщикКПП=667101001
СрокПлатежа=13.12.2025
Очередность=5
НазначениеПлатежа=перевод между саоими счетами, НДС не облагается.
КонецДокумента
СекцияДокумент=Платежное поручение
Номер=20
Дата=15.12.2025
Сумма=50000.00
ПлательщикСчет=40702810202500009803
ДатаСписано=
ПлательщикИНН=6671077130
Плательщик1=ООО "НЕФТЕГРУЗ"
ПлательщикРасчСчет=40702810202500009803
ПлательщикБанк1=ООО "Банк Точка"
ПлательщикБанк2=Г. МОСКВА
ПлательщикБИК=044525104
ПлательщикКорсчет=30101810745374525104
ПолучательСчет=40702810020000066887
ДатаПоступило=15.12.2025
ПолучательИНН=6679146716
Получатель1=ОБЩЕСТВО С ОГРАНИЧЕННОЙ ОТВЕТСТВЕННОСТЬЮ "АЛЬФА ГРУПП"
ПолучательРасчСчет=40702810020000066887
ПолучательБанк1=ООО "Банк Точка"
ПолучательБанк2=Г. МОСКВА
ПолучательБИК=044525104
ПолучательКорсчет=30101810745374525104
ВидПлатежа=электронно
ВидОплаты=01
Код=
ПолучательКПП=667101001
ПлательщикКПП=665801001
СрокПлатежа=15.12.2025
Очередность=5
НазначениеПлатежа=без НДС
КонецДокумента
СекцияДокумент=Платежное поручение
Номер=141
Дата=15.12.2025
Сумма=50000.00
ПлательщикСчет=40702810020000066887
ДатаСписано=15.12.2025
ПлательщикИНН=6679146716
Плательщик1=ОБЩЕСТВО С ОГРАНИЧЕННОЙ ОТВЕТСТВЕННОСТЬЮ "АЛЬФА ГРУПП"
ПлательщикРасчСчет=40702810020000066887
ПлательщикБанк1=ООО "Банк Точка"
ПлательщикБанк2=Г. МОСКВА
ПлательщикБИК=044525104
ПлательщикКорсчет=30101810745374525104
ПолучательСчет=40702810610001648530
ДатаПоступило=
ПолучательИНН=3000007379
Получатель1=ООО "НОВА"
ПолучательРасчСчет=40702810610001648530
ПолучательБанк1=АО "ТБанк"
ПолучательБанк2=Г. МОСКВА
ПолучательБИК=044525974
ПолучательКорсчет=30101810145250000974
ВидПлатежа=электронно
ВидОплаты=01
Код=
ПолучательКПП=0
ПлательщикКПП=667101001
СрокПлатежа=15.12.2025
Очередность=5
НазначениеПлатежа=Оплата по счету № 839 от 12 ноября 2025 за транспортные услуги по договор-заявке № 25-11-002 Сумма 300000-00 В т.ч. НДС (20%) 50000-00
КонецДокумента
СекцияДокумент=Платежное поручение
Номер=3641
Дата=15.12.2025
Сумма=35000.00
ПлательщикСчет=40702810238000014221
ДатаСписано=
ПлательщикИНН=7724941975
Плательщик1=ООО "ПУЯНГ ОГНЕУПОРЫ ГРУП-РУС"
ПлательщикРасчСчет=40702810238000014221
ПлательщикБанк1=ПАО Сбербанк
ПлательщикБанк2=Г. МОСКВА
ПлательщикБИК=044525225
ПлательщикКорсчет=30101810400000000225
ПолучательСчет=40702810020000066887
ДатаПоступило=15.12.2025
ПолучательИНН=6679146716
Получатель1=ОБЩЕСТВО С ОГРАНИЧЕННОЙ ОТВЕТСТВЕННОСТЬЮ "АЛЬФА ГРУПП"
ПолучательРасчСчет=40702810020000066887
ПолучательБанк1=ООО "Банк Точка"
ПолучательБанк2=Г. МОСКВА
ПолучательБИК=044525104
ПолучательКорсчет=30101810745374525104
ВидПлатежа=электронно
ВидОплаты=01
Код=
ПолучательКПП=667101001
ПлательщикКПП=0
СрокПлатежа=15.12.2025
Очередность=5
НазначениеПлатежа=Оплата по счету №878 от 05.11.2025 за транспортные услуги. Сумма 35000-00 В т.ч. НДС (20%) 5833-33
КонецДокумента
СекцияДокумент=Платежное поручение
Номер=3640
Дата=15.12.2025
Сумма=35000.00
ПлательщикСчет=40702810238000014221
ДатаСписано=
ПлательщикИНН=7724941975
Плательщик1=ООО "ПУЯНГ ОГНЕУПОРЫ ГРУП-РУС"
ПлательщикРасчСчет=40702810238000014221
ПлательщикБанк1=ПАО Сбербанк
ПлательщикБанк2=Г. МОСКВА
ПлательщикБИК=044525225
ПлательщикКорсчет=30101810400000000225
ПолучательСчет=40702810020000066887
ДатаПоступило=15.12.2025
ПолучательИНН=6679146716
Получатель1=ОБЩЕСТВО С ОГРАНИЧЕННОЙ ОТВЕТСТВЕННОСТЬЮ "АЛЬФА ГРУПП"
ПолучательРасчСчет=40702810020000066887
ПолучательБанк1=ООО "Банк Точка"
ПолучательБанк2=Г. МОСКВА
ПолучательБИК=044525104
ПолучательКорсчет=30101810745374525104
ВидПлатежа=электронно
ВидОплаты=01
Код=
ПолучательКПП=667101001
ПлательщикКПП=0
СрокПлатежа=15.12.2025
Очередность=5
НазначениеПлатежа=Оплата по счету №876 от 30.10.2025 за транспортные услуги. Сумма 35000-00 В т.ч. НДС (20%) 5833-33
КонецДокумента
СекцияДокумент=Платежное поручение
Номер=143
Дата=15.12.2025
Сумма=70000.00
ПлательщикСчет=40702810020000066887
ДатаСписано=15.12.2025
ПлательщикИНН=6679146716
Плательщик1=ОБЩЕСТВО С ОГРАНИЧЕННОЙ ОТВЕТСТВЕННОСТЬЮ "АЛЬФА ГРУПП"
ПлательщикРасчСчет=40702810020000066887
ПлательщикБанк1=ООО "Банк Точка"
ПлательщикБанк2=Г. МОСКВА
ПлательщикБИК=044525104
ПлательщикКорсчет=30101810745374525104
ПолучательСчет=40702810516750004863
ДатаПоступило=
ПолучательИНН=6679146716
Получатель1=ООО "АЛЬФА ГРУПП"
ПолучательРасчСчет=40702810516750004863
ПолучательБанк1=УРАЛЬСКИЙ БАНК ПАО СБЕРБАНК
ПолучательБанк2=Г. ЕКАТЕРИНБУРГ
ПолучательБИК=046577674
ПолучательКорсчет=30101810500000000674
ВидПлатежа=электронно
ВидОплаты=01
Код=
ПолучательКПП=667101001
ПлательщикКПП=667101001
СрокПлатежа=15.12.2025
Очередность=5
НазначениеПлатежа=перевод между саоими счетами, НДС не облагается.
КонецДокумента
СекцияДокумент=Платежное поручение
Номер=3
Дата=16.12.2025
Сумма=50000.00
ПлательщикСчет=40702810516750004863
ДатаСписано=
ПлательщикИНН=6679146716
Плательщик1=ООО "АЛЬФА ГРУПП"
ПлательщикРасчСчет=40702810516750004863
ПлательщикБанк1=УРАЛЬСКИЙ БАНК ПАО СБЕРБАНК
ПлательщикБанк2=Г. ЕКАТЕРИНБУРГ
ПлательщикБИК=046577674
ПлательщикКорсчет=30101810500000000674
ПолучательСчет=40702810020000066887
ДатаПоступило=16.12.2025
ПолучательИНН=6679146716
Получатель1=ОБЩЕСТВО С ОГРАНИЧЕННОЙ ОТВЕТСТВЕННОСТЬЮ "АЛЬФА ГРУПП"
ПолучательРасчСчет=40702810020000066887
ПолучательБанк1=ООО "Банк Точка"
ПолучательБанк2=Г. МОСКВА
ПолучательБИК=044525104
ПолучательКорсчет=30101810745374525104
ВидПлатежа=электронно
ВидОплаты=01
Код=
ПолучательКПП=667101001
ПлательщикКПП=667101001
СрокПлатежа=16.12.2025
Очередность=5
НазначениеПлатежа=перевод между саоими счетами, НДС не облагается.
КонецДокумента
СекцияДокумент=Платежное поручение
Номер=142
Дата=16.12.2025
Сумма=50000.00
ПлательщикСчет=40702810020000066887
ДатаСписано=16.12.2025
ПлательщикИНН=6679146716
Плательщик1=ОБЩЕСТВО С ОГРАНИЧЕННОЙ ОТВЕТСТВЕННОСТЬЮ "АЛЬФА ГРУПП"
ПлательщикРасчСчет=40702810020000066887
ПлательщикБанк1=ООО "Банк Точка"
ПлательщикБанк2=Г. МОСКВА
ПлательщикБИК=044525104
ПлательщикКорсчет=30101810745374525104
ПолучательСчет=40702810610001648530
ДатаПоступило=
ПолучательИНН=3000007379
Получатель1=ООО "НОВА"
ПолучательРасчСчет=40702810610001648530
ПолучательБанк1=АО "ТБанк"
ПолучательБанк2=Г. МОСКВА
ПолучательБИК=044525974
ПолучательКорсчет=30101810145250000974
ВидПлатежа=электронно
ВидОплаты=01
Код=
ПолучательКПП=0
ПлательщикКПП=667101001
СрокПлатежа=16.12.2025
Очередность=5
НазначениеПлатежа=Оплата по счету № 839 от 12 ноября 2025 за транспортные услуги по договор-заявке № 25-11-002 Сумма 300000-00 В т.ч. НДС (20%) 50000-00
КонецДокумента
СекцияДокумент=Платежное поручение
Номер=3654
Дата=16.12.2025
Сумма=60000.00
ПлательщикСчет=40702810238000014221
ДатаСписано=
ПлательщикИНН=7724941975
Плательщик1=ООО "ПУЯНГ ОГНЕУПОРЫ ГРУП-РУС"
ПлательщикРасчСчет=40702810238000014221
ПлательщикБанк1=ПАО Сбербанк
ПлательщикБанк2=Г. МОСКВА
ПлательщикБИК=044525225
ПлательщикКорсчет=30101810400000000225
ПолучательСчет=40702810020000066887
ДатаПоступило=16.12.2025
ПолучательИНН=6679146716
Получатель1=ОБЩЕСТВО С ОГРАНИЧЕННОЙ ОТВЕТСТВЕННОСТЬЮ "АЛЬФА ГРУПП"
ПолучательРасчСчет=40702810020000066887
ПолучательБанк1=ООО "Банк Точка"
ПолучательБанк2=Г. МОСКВА
ПолучательБИК=044525104
ПолучательКорсчет=30101810745374525104
ВидПлатежа=электронно
ВидОплаты=01
Код=
ПолучательКПП=667101001
ПлательщикКПП=0
СрокПлатежа=16.12.2025
Очередность=5
НазначениеПлатежа=Оплата по счету №889 от 04.12.2025 за транспортные услуги. Сумма 60000-00 В т.ч. НДС (20%) 10000-00
КонецДокумента
СекцияДокумент=Платежное поручение
Номер=143
Дата=16.12.2025
Сумма=50000.00
ПлательщикСчет=40702810020000066887
ДатаСписано=16.12.2025
ПлательщикИНН=6679146716
Плательщик1=ОБЩЕСТВО С ОГРАНИЧЕННОЙ ОТВЕТСТВЕННОСТЬЮ "АЛЬФА ГРУПП"
ПлательщикРасчСчет=40702810020000066887
ПлательщикБанк1=ООО "Банк Точка"
ПлательщикБанк2=Г. МОСКВА
ПлательщикБИК=044525104
ПлательщикКорсчет=30101810745374525104
ПолучательСчет=40702810610001648530
ДатаПоступило=
ПолучательИНН=3000007379
Получатель1=ООО "НОВА"
ПолучательРасчСчет=40702810610001648530
ПолучательБанк1=АО "ТБанк"
ПолучательБанк2=Г. МОСКВА
ПолучательБИК=044525974
ПолучательКорсчет=30101810145250000974
ВидПлатежа=электронно
ВидОплаты=01
Код=
ПолучательКПП=0
ПлательщикКПП=667101001
СрокПлатежа=16.12.2025
Очередность=5
НазначениеПлатежа=Оплата по счету № 839 от 12 ноября 2025 за транспортные услуги по договор-заявке № 25-11-002 Сумма 300000-00 В т.ч. НДС (20%) 50000-00
КонецДокумента
СекцияДокумент=Платежное поручение
Номер=21
Дата=16.12.2025
Сумма=500.00
ПлательщикСчет=40702810202500009803
ДатаСписано=
ПлательщикИНН=6671077130
Плательщик1=ООО "НЕФТЕГРУЗ"
ПлательщикРасчСчет=40702810202500009803
ПлательщикБанк1=ООО "Банк Точка"
ПлательщикБанк2=Г. МОСКВА
ПлательщикБИК=044525104
ПлательщикКорсчет=30101810745374525104
ПолучательСчет=40702810020000066887
ДатаПоступило=16.12.2025
ПолучательИНН=6679146716
Получатель1=ОБЩЕСТВО С ОГРАНИЧЕННОЙ ОТВЕТСТВЕННОСТЬЮ "АЛЬФА ГРУПП"
ПолучательРасчСчет=40702810020000066887
ПолучательБанк1=ООО "Банк Точка"
ПолучательБанк2=Г. МОСКВА
ПолучательБИК=044525104
ПолучательКорсчет=30101810745374525104
ВидПлатежа=электронно
ВидОплаты=01
Код=
ПолучательКПП=667101001
ПлательщикКПП=665801001
СрокПлатежа=16.12.2025
Очередность=5
НазначениеПлатежа=без НДС
КонецДокумента
СекцияДокумент=Платежное поручение
Номер=144
Дата=16.12.2025
Сумма=10378.00
ПлательщикСчет=40702810020000066887
ДатаСписано=16.12.2025
ПлательщикИНН=6679146716
Плательщик1=ОБЩЕСТВО С ОГРАНИЧЕННОЙ ОТВЕТСТВЕННОСТЬЮ "АЛЬФА ГРУПП"
ПлательщикРасчСчет=40702810020000066887
ПлательщикБанк1=ООО "Банк Точка"
ПлательщикБанк2=Г. МОСКВА
ПлательщикБИК=044525104
ПлательщикКорсчет=30101810745374525104
ПолучательСчет=40817810000030760586
ДатаПоступило=
ПолучательИНН=667100005585
Получатель1=Лутков Игорь Геннадьевич
ПолучательРасчСчет=40817810000030760586
ПолучательБанк1=АО "ТБанк"
ПолучательБанк2=Г. МОСКВА
ПолучательБИК=044525974
ПолучательКорсчет=30101810145250000974
ВидПлатежа=электронно
ВидОплаты=01
Код=
КодНазПлатежа=
ПолучательКПП=0
ПлательщикКПП=667101001
СрокПлатежа=16.12.2025
Очередность=5
НазначениеПлатежа=Оплата самозанятому по договору №86213-2 от 01.01.2024 г. за консультационные услуги., без НДС
КонецДокумента
СекцияДокумент=Платёжный ордер
Номер=70
Дата=18.12.2025
Сумма=153.22
ПлательщикСчет=40702810020000066887
ДатаСписано=18.12.2025
ПлательщикИНН=6679146716
Плательщик1=ОБЩЕСТВО С ОГРАНИЧЕННОЙ ОТВЕТСТВЕННОСТЬЮ "АЛЬФА ГРУПП"
ПлательщикРасчСчет=40702810020000066887
ПлательщикБанк1=ООО "Банк Точка"
ПлательщикБанк2=Г. МОСКВА
ПлательщикБИК=044525104
ПлательщикКорсчет=30101810745374525104
ПолучательСчет=40702810200030003976
ДатаПоступило=
ПолучательИНН=7731537410
Получатель1=АКЦИОНЕРНОЕ ОБЩЕСТВО "НЕФТЕТРАНССЕРВИС"
ПолучательРасчСчет=40702810200030003976
ПолучательБанк1=Банк ВТБ (ПАО)
ПолучательБанк2=Г. МОСКВА
ПолучательБИК=044525187
ПолучательКорсчет=30101810700000000187
ВидПлатежа=электронно
ВидОплаты=16
Код=
ПолучательКПП=997650001
ПлательщикКПП=667101001
СрокПлатежа=18.12.2025
Очередность=4
НазначениеПлатежа=Исполнительный лист ФС №053795477 от 13.11.2025 выдан Арбитражным судом г. Москвы по делу №А40-221607/25-161-495 от 30.10.2025, судья Бикбулатов К.В.
КонецДокумента
СекцияДокумент=Платежное поручение
Номер=26
Дата=30.12.2025
Сумма=3000.00
ПлательщикСчет=40702810202500009803
ДатаСписано=
ПлательщикИНН=6671077130
Плательщик1=ООО "НЕФТЕГРУЗ"
ПлательщикРасчСчет=40702810202500009803
ПлательщикБанк1=ООО "Банк Точка"
ПлательщикБанк2=Г. МОСКВА
ПлательщикБИК=044525104
ПлательщикКорсчет=30101810745374525104
ПолучательСчет=40702810020000066887
ДатаПоступило=30.12.2025
ПолучательИНН=6679146716
Получатель1=ОБЩЕСТВО С ОГРАНИЧЕННОЙ ОТВЕТСТВЕННОСТЬЮ "АЛЬФА ГРУПП"
ПолучательРасчСчет=40702810020000066887
ПолучательБанк1=ООО "Банк Точка"
ПолучательБанк2=Г. МОСКВА
ПолучательБИК=044525104
ПолучательКорсчет=30101810745374525104
ВидПлатежа=электронно
ВидОплаты=01
Код=
ПолучательКПП=667101001
ПлательщикКПП=665801001
СрокПлатежа=30.12.2025
Очередность=5
НазначениеПлатежа=без НДС
КонецДокумента
СекцияДокумент=Платежное поручение
Номер=147
Дата=30.12.2025
Сумма=2571.00
ПлательщикСчет=40702810020000066887
ДатаСписано=30.12.2025
ПлательщикИНН=6679146716
Плательщик1=ОБЩЕСТВО С ОГРАНИЧЕННОЙ ОТВЕТСТВЕННОСТЬЮ "АЛЬФА ГРУПП"
ПлательщикРасчСчет=40702810020000066887
ПлательщикБанк1=ООО "Банк Точка"
ПлательщикБанк2=Г. МОСКВА
ПлательщикБИК=044525104
ПлательщикКорсчет=30101810745374525104
ПолучательСчет=47422810720000000002
ДатаПоступило=
ПолучательИНН=9721194461
Получатель1=ООО "Банк Точка"
ПолучательРасчСчет=47422810720000000002
ПолучательБанк1=ООО "Банк Точка"
ПолучательБанк2=Г. МОСКВА
ПолучательБИК=044525104
ПолучательКорсчет=30101810745374525104
ВидПлатежа=электронно
ВидОплаты=01
Код=
ПолучательКПП=997950001
ПлательщикКПП=667101001
СрокПлатежа=30.12.2025
Очередность=3
НазначениеПлатежа=Аванс по трудовому договору за декабрь 2025 согласно реестру зачислений № 147 от 30.12.2025. НДС не предусмотрен.
КонецДокумента
СекцияДокумент=Платёжный ордер
Номер=70
Дата=30.12.2025
Сумма=429.00
ПлательщикСчет=40702810020000066887
ДатаСписано=30.12.2025
ПлательщикИНН=6679146716
Плательщик1=ОБЩЕСТВО С ОГРАНИЧЕННОЙ ОТВЕТСТВЕННОСТЬЮ "АЛЬФА ГРУПП"
ПлательщикРасчСчет=40702810020000066887
ПлательщикБанк1=ООО "Банк Точка"
ПлательщикБанк2=Г. МОСКВА
ПлательщикБИК=044525104
ПлательщикКорсчет=30101810745374525104
ПолучательСчет=40702810200030003976
ДатаПоступило=
ПолучательИНН=7731537410
Получатель1=АКЦИОНЕРНОЕ ОБЩЕСТВО "НЕФТЕТРАНССЕРВИС"
ПолучательРасчСчет=40702810200030003976
ПолучательБанк1=Банк ВТБ (ПАО)
ПолучательБанк2=Г. МОСКВА
ПолучательБИК=044525187
ПолучательКорсчет=30101810700000000187
ВидПлатежа=электронно
ВидОплаты=16
Код=
ПолучательКПП=997650001
ПлательщикКПП=667101001
СрокПлатежа=30.12.2025
Очередность=4
НазначениеПлатежа=Исполнительный лист ФС №053795477 от 13.11.2025 выдан Арбитражным судом г. Москвы по делу №А40-221607/25-161-495 от 30.10.2025, судья Бикбулатов К.В.
КонецДокумента
СекцияДокумент=Платежное поручение
Номер=28
Дата=30.12.2025
Сумма=6600.00
ПлательщикСчет=40702810202500009803
ДатаСписано=
ПлательщикИНН=6671077130
Плательщик1=ООО "НЕФТЕГРУЗ"
ПлательщикРасчСчет=40702810202500009803
ПлательщикБанк1=ООО "Банк Точка"
ПлательщикБанк2=Г. МОСКВА
ПлательщикБИК=044525104
ПлательщикКорсчет=30101810745374525104
ПолучательСчет=40702810020000066887
ДатаПоступило=30.12.2025
ПолучательИНН=6679146716
Получатель1=ОБЩЕСТВО С ОГРАНИЧЕННОЙ ОТВЕТСТВЕННОСТЬЮ "АЛЬФА ГРУПП"
ПолучательРасчСчет=40702810020000066887
ПолучательБанк1=ООО "Банк Точка"
ПолучательБанк2=Г. МОСКВА
ПолучательБИК=044525104
ПолучательКорсчет=30101810745374525104
ВидПлатежа=электронно
ВидОплаты=01
Код=
ПолучательКПП=667101001
ПлательщикКПП=665801001
СрокПлатежа=30.12.2025
Очередность=5
НазначениеПлатежа=без НДС
КонецДокумента
СекцияДокумент=Платежное поручение
Номер=148
Дата=30.12.2025
Сумма=5997.55
ПлательщикСчет=40702810020000066887
ДатаСписано=30.12.2025
ПлательщикИНН=6679146716
Плательщик1=ОБЩЕСТВО С ОГРАНИЧЕННОЙ ОТВЕТСТВЕННОСТЬЮ "АЛЬФА ГРУПП"
ПлательщикРасчСчет=40702810020000066887
ПлательщикБанк1=ООО "Банк Точка"
ПлательщикБанк2=Г. МОСКВА
ПлательщикБИК=044525104
ПлательщикКорсчет=30101810745374525104
ПолучательСчет=47422810720000000002
ДатаПоступило=
ПолучательИНН=9721194461
Получатель1=ООО "Банк Точка"
ПолучательРасчСчет=47422810720000000002
ПолучательБанк1=ООО "Банк Точка"
ПолучательБанк2=Г. МОСКВА
ПолучательБИК=044525104
ПолучательКорсчет=30101810745374525104
ВидПлатежа=электронно
ВидОплаты=01
Код=
ПолучательКПП=997950001
ПлательщикКПП=667101001
СрокПлатежа=30.12.2025
Очередность=3
НазначениеПлатежа=Заработная плата по трудовому договору за декабрь 2025 согласно реестру зачислений № 148 от 30.12.2025. НДС не предусмотрен.
КонецДокумента
СекцияДокумент=Платёжный ордер
Номер=70
Дата=30.12.2025
Сумма=602.45
ПлательщикСчет=40702810020000066887
ДатаСписано=30.12.2025
ПлательщикИНН=6679146716
Плательщик1=ОБЩЕСТВО С ОГРАНИЧЕННОЙ ОТВЕТСТВЕННОСТЬЮ "АЛЬФА ГРУПП"
ПлательщикРасчСчет=40702810020000066887
ПлательщикБанк1=ООО "Банк Точка"
ПлательщикБанк2=Г. МОСКВА
ПлательщикБИК=044525104
ПлательщикКорсчет=30101810745374525104
ПолучательСчет=40702810200030003976
ДатаПоступило=
ПолучательИНН=7731537410
Получатель1=АКЦИОНЕРНОЕ ОБЩЕСТВО "НЕФТЕТРАНССЕРВИС"
ПолучательРасчСчет=40702810200030003976
ПолучательБанк1=Банк ВТБ (ПАО)
ПолучательБанк2=Г. МОСКВА
ПолучательБИК=044525187
ПолучательКорсчет=30101810700000000187
ВидПлатежа=электронно
ВидОплаты=16
Код=
ПолучательКПП=997650001
ПлательщикКПП=667101001
СрокПлатежа=30.12.2025
Очередность=4
НазначениеПлатежа=Исполнительный лист ФС №053795477 от 13.11.2025 выдан Арбитражным судом г. Москвы по делу №А40-221607/25-161-495 от 30.10.2025, судья Бикбулатов К.В.
КонецДокумента
КонецФайла